@book{Brillinger2011,
  author={Brillinger, DR},
  title={Time series: data analysis and theory},
  publisher={Society for Industrial and Applied Mathematics},
  address={Philadelphia},
  year={2001}}

@article{Desharnais2018,
 author={Desharnais, RA and Reuman, DC and Costantino, RF and Cohen, JE},
 title={Temporal scale of environmental correlations affects ecological synchrony},
 journal={Ecology Letters},
 volume={21},
 pages={1800-1811},
 year={2018}}

@book{Reinsel1997,
 author={Reinsel, GC},
 title={Elements of multivariate Time series analysis, 2nd edition},
 publisher={Springer-Verlag},
 address={New York},
 year={1997}}

@book{Shumway2000,
 author={Shumway, RH and Stoffer, DS},
 title={Time series analysis and its applications},
 publisher={Springer-Verlag},
 address={New York},
 year={2000}}
