@article{,
  title={},
  author={},
  journal={},
  year={},
  volume={},
  pages={}
}

@book{,
  title={},
  author={},
  year={},
  publisher={}
}

